@article {friedman2021simplicial,
	AUTHOR = {Friedman, Greg},
	TITLE = {Survey article: {A}n elementary illustrated introduction to
	simplicial sets},
	JOURNAL = {Rocky Mountain J. Math.},
	FJOURNAL = {The Rocky Mountain Journal of Mathematics},
	VOLUME = {42},
	YEAR = {2012},
	NUMBER = {2},
	PAGES = {353--423},
	ISSN = {0035-7596},
	MRCLASS = {55U10 (18G30)},
	MRNUMBER = {2915498},
	MRREVIEWER = {Beno\^{i}t Fresse},
	DOI = {10.1216/RMJ-2012-42-2-353},
	URL = {https://doi.org/10.1216/RMJ-2012-42-2-353},
}

@article{freed2009topological,
  title={Topological quantum field theories from compact Lie groups},
  author={Freed, Daniel S and Hopkins, Michael J and Lurie, Jacob and Teleman, Constantin},
  journal={arXiv preprint arXiv:0905.0731},
  year={2009}
}

@article{oritthesis,
  title={State sums in two dimensional fully extended topological field theories},
  author={Davidovich, Orit},
  year={2011}
}

@article{douglasreutter,
  title={Fusion 2-categories and a state-sum invariant for 4-manifolds},
  author={Douglas, Christopher L and Reutter, David J},
  journal={arXiv preprint arXiv:1812.11933},
  year={2018}
}

@article {steiner2012opetopes,
	AUTHOR = {Steiner, Richard},
	TITLE = {Opetopes and chain complexes},
	JOURNAL = {Theory Appl. Categ.},
	FJOURNAL = {Theory and Applications of Categories},
	VOLUME = {26},
	YEAR = {2012},
	PAGES = {No. 19, 501--519},
	MRCLASS = {18D05},
	MRNUMBER = {2981951},
	MRREVIEWER = {Akrur Behera},
}

@article {3DOrb,
	AUTHOR = {Carqueville, N. and MÃ¼ller, L},
	TITLE = {Orbifold completion of 3-categories},
	JOURNAL = {preprint},
	YEAR = {2023},
}

@article{carqueville2019orbifolds,
	title={Orbifolds of n--dimensional defect TQFTs},
	author={Carqueville, Nils and Runkel, Ingo and Schaumann, Gregor},
	journal={Geometry and Topology},
	volume={23},
	number={2},
	pages={781--864},
	year={2019},
	publisher={Mathematical Sciences Publishers}
}

@article{carqueville2016orbifoldcompletion,
	title={Orbifold completion of defect bicategories},
	author={Carqueville, Nils and Runkel, Ingo},
	journal={Quantum Topology},
	volume={7},
	number={2},
	pages={203--279},
	year={2016}
}

@article{blob,
author = {Scott Morrison and Kevin Walker},
title = {{Blob homology}},
volume = {16},
journal = {Geometry \& Topology},
number = {3},
publisher = {MSP},
pages = {1481 -- 1607},
keywords = {deligne conjecture, Hochschild homology, topological quantum field theory},
year = {2012},
doi = {10.2140/gt.2012.16.1481},
URL = {https://doi.org/10.2140/gt.2012.16.1481}
}

@article{Ayala2015ASH,
	title={A stratified homotopy hypothesis},
	author={David Ayala and John Francis and Nick Rozenblyum},
	journal={Journal of the European Mathematical Society},
	year={2015},
	url={https://api.semanticscholar.org/CorpusID:51816041}
}

@article{CARQUEVILLE2020107024,
	title = {3-dimensional defect TQFTs and their tricategories},
	journal = {Advances in Mathematics},
	volume = {364},
	pages = {107024},
	year = {2020},
	issn = {0001-8708},
	doi = {https://doi.org/10.1016/j.aim.2020.107024},
	url = {https://www.sciencedirect.com/science/article/pii/S0001870820300499},
	author = {Nils Carqueville and Catherine Meusburger and Gregor Schaumann},
	keywords = {Topological quantum field theory, Gray categories, 3-categories},
}

@inbook {2Vect,
	title = {2-categories and Zamolodchikov tetrahedra equations},
	booktitle = {Algebraic groups and their generalizations: quantum and infinite-dimensional methods (University Park, PA, 1991)},
	series = {Proc. Sympos. Pure Math.},
	volume = {56},
	year = {1994},
	pages = {177{\textendash}259},
	publisher = {Amer. Math. Soc., Providence, RI},
	organization = {Amer. Math. Soc., Providence, RI},
	author = {Kapranov, M. M. and Voevodsky, V. A.}
}

@article{Turaev:1992hq,
    author = "Turaev, V. G. and Viro, O. Y.",
    title = "{State sum invariants of 3 manifolds and quantum 6j symbols}",
    doi = "10.1016/0040-9383(92)90015-A",
    journal = "Topology",
    volume = "31",
    pages = "865--902",
    year = "1992"
}

@article{Barrett:1993ab,
    author = "Barrett, John W. and Westbury, Bruce W.",
    title = "{Invariants of piecewise linear three manifolds}",
    eprint = "hep-th/9311155",
    archivePrefix = "arXiv",
    doi = "10.1090/S0002-9947-96-01660-1",
    journal = "Trans. Am. Math. Soc.",
    volume = "348",
    pages = "3997--4022",
    year = "1996"
}

@article{Barrett:1993zf,
    author = "Barrett, John W. and Westbury, Bruce W.",
    title = "{Spherical categories}",
    eprint = "hep-th/9310164",
    archivePrefix = "arXiv",
    doi = "10.1006/aima.1998.1800",
    journal = "Adv. Math.",
    volume = "143",
    pages = "357--375",
    year = "1999"
}


@article{Davydov:2011kb,
	author = "Davydov, Alexei and Kong, Liang and Runkel, Ingo",
	editor = "Sati, Hisham and Schreiber, Urs",
	title = "{Field theories with defects and the centre functor}",
	eprint = "1107.0495",
	archivePrefix = "arXiv",
	primaryClass = "math.QA",
	reportNumber = "ZMP-HH-11-8",
	pages = "71--128",
	month = "7",
	year = "2011"
}

@article{Carqueville:2018sld,
	author = "Carqueville, Nils and Runkel, Ingo and Schaumann, Gregor",
	title = "{Orbifolds of Reshetikhin-Turaev TQFTs}",
	eprint = "1809.01483",
	archivePrefix = "arXiv",
	primaryClass = "math.QA",
	journal = "Theor. Appl. Categor.",
	volume = "35",
	pages = "513--561",
	year = "2020"
}